
@book{rose_cucumber_2015,
	location = {Dallas, Texas},
	title = {The cucumber for Java book: behaviour-driven development for testers and developers},
	isbn = {978-1-941222-29-4},
	series = {The pragmatic programmers},
	shorttitle = {The cucumber for Java book},
	pagetotal = {314},
	publisher = {The Pragmatic Bookshelf},
	author = {Rose, Seb and Wynne, Matt and Helles√∏y, Aslak},
	date = {2015},
	note = {{OCLC}: ocn904458283},
	keywords = {Computer software, Development, Java (Computer program language)}
}